@article{Lartillot2004,
author = {Lartillot, Nicolas},
doi = {10.1093/molbev/msh112},
file = {:home/thibault/Pictures/Mol Biol Evol-2004-Lartillot-1095-109.pdf:pdf},
journal = {Molecular biology and evolution},
number = {6},
pages = {1095--1109},
title = {{A bayesian mixture model for across-site heterogeneities in the amino-acid replacement process}},
volume = {21},
year = {2004}
}
@article{Kubatko2016,
author = {Kubatko, Laura and Shah, Premal and Herbei, Radu and Gilchrist, Michael A},
doi = {10.1016/j.ympev.2015.08.026},
file = {:home/thibault/Desktop/Biblio $\backslash$: Codon Models /1-s2.0-S1055790315002572-main.pdf:pdf},
issn = {1055-7903},
journal = {Molecular Phylogenetics and Evolution},
pages = {290--297},
publisher = {Elsevier Inc.},
title = {{A codon model of nucleotide substitution with selection on synonymous codon usage}},
url = {http://dx.doi.org/10.1016/j.ympev.2015.08.026},
volume = {94},
year = {2015}
}
@article{Goldman1994,
author = {Goldman, Nick and Yang, Ziheng},
file = {:home/thibault/Desktop/Biblio $\backslash$: Codon Models /Mol Biol Evol-1994-Goldman-725-36.pdf:pdf},
journal = {Molecular biology and evolution},
number = {5},
pages = {725--736},
title = {{A codon-based model of nucleotide substitution for protein-coding DNA sequences}},
volume = {11},
year = {1994}
}
@article{Spielman2015,
author = {Spielman, Stephanie J and Wan, Suyang and Wilke, Claus O},
doi = {10.1101/032805},
file = {:home/thibault/Desktop/Biblio $\backslash$: Codon Models /032805.full.pdf:pdf},
journal = {bioRxiv},
title = {{A comparison of one-rate and two-rate inference frameworks for site-specific dN/dS estimation}},
year = {2015}
}
@article{Huelsenbeck2006,
author = {Huelsenbeck, John P and Jain, Sonia and Frost, Simon W D and Pond, Sergei L Kosakovsky},
doi = {10.1073/pnas.0508279103},
file = {:home/thibault/Desktop/Biblio $\backslash$: Codon Models /Huelsenbeck{\_}3{\_}PNAS2006.pdf:pdf},
journal = {Proceedings of the National Academy of Sciences},
number = {16},
pages = {6263--6268},
title = {{A Dirichlet process model for detecting positive selection in protein-coding DNA sequences}},
volume = {103},
year = {2006}
}
@article{Zaheri2014,
author = {Zaheri, Maryam and Dib, Linda and Salamin, Nicolas},
doi = {10.1093/molbev/msu196},
file = {:home/thibault/Desktop/Biblio $\backslash$: Codon Models /Mol Biol Evol-2014-Zaheri-2528-41.pdf:pdf},
journal = {Molecular biology and evolution},
number = {9},
pages = {2528--2541},
title = {{A generalized mechanistic codon model}},
volume = {31},
year = {2014}
}
@article{Muse1994,
author = {Muse, Spencer V and Gaut, Brandon S},
file = {:home/thibault/Desktop/Biblio $\backslash$: Codon Models /Mol Biol Evol-1994-Muse-715-24.pdf:pdf},
journal = {Molecular biology and evolution},
number = {5},
pages = {715--724},
title = {{A likelihood approach for comparing synonymous and nonsynonymous nucleotide substitution rates, with application to the chloroplast genome}},
volume = {1},
year = {1994}
}
@article{Tamuri2014,
author = {Tamuri, A. U. and Goldman, N. and dos Reis., M.},
doi = {10.1534/genetics.114.162263},
file = {:home/thibault/Desktop/Biblio $\backslash$: Codon Models /257.full.pdf:pdf},
journal = {Genetics},
number = {May},
pages = {257--271},
title = {{A penalized-likelihood method to estimate the distribution of selection coefficients from phylogenetic data}},
volume = {197},
year = {2014}
}
@article{Pond2011,
author = {Pond, Sergei L Kosakovsky and Murrell, Ben and Fourment, Mathieu and Frost, Simon D W and Delport, Wayne and Scheffler, Konrad},
doi = {10.1093/molbev/msr125},
file = {:home/thibault/Desktop/Biblio $\backslash$: Codon Models /Mol Biol Evol-2011-Kosakovsky Pond-molbev-msr125.pdf:pdf},
journal = {Molecular biology and evolution},
number = {11},
pages = {3033--3043},
title = {{A random effects branch-site model for detecting episodic diversifying selection}},
volume = {28},
year = {2011}
}
@article{Blanquart2007,
author = {Blanquart, Samuel and Lartillot, Nicolas},
doi = {10.1093/molbev/msn018},
file = {:home/thibault/Desktop/Biblio $\backslash$: Codon Models /Mol Biol Evol-2008-Blanquart-842-58.pdf:pdf},
journal = {Molecular biology and evolution},
number = {5},
pages = {842--858},
title = {{A site- and time-heterogeneous model of amino acid replacement}},
volume = {25},
year = {2008}
}
@article{McDonald1991,
author = {McDonald, John H. and Kreitman, Martin},
file = {:home/thibault/Desktop/Biblio $\backslash$: Codon Models /mcdonald-kreitman1991.pdf:pdf},
journal = {Nature},
title = {{Adaptative protein evolution at Adh locus in Drosophila}},
year = {1991}
}
@article{Galtier2016,
author = {Galtier, Nicolas},
doi = {10.1371/journal.pgen.1005774},
file = {:home/thibault/Desktop/Biblio $\backslash$: Codon Models /journal.pgen.1005774.PDF:PDF},
journal = {PLoS Genetics},
pages = {1--23},
title = {{Adaptive protein evolution in animals and the effective population size hypothesis}},
year = {2016}
}
@article{Pollock2012,
author = {Pollock, David D and Thiltgen, Grant and Goldstein, Richard A},
doi = {10.1073/pnas.1120084109},
file = {:home/thibault/Desktop/Biblio $\backslash$: Codon Models /10.1073@pnas.1120084109.pdf:pdf},
journal = {Proceedings of the National Academy of Sciences},
number = {21},
title = {{Amino acid coevolution induces an evolutionary Stokes shift}},
volume = {109},
year = {2012}
}
@article{Yang2005,
author = {Yang, Ziheng and Wong, Wendy S W},
doi = {10.1093/molbev/msi097},
file = {:home/thibault/Desktop/Biblio $\backslash$: Codon Models /Mol Biol Evol-2005-Yang-1107-18.pdf:pdf},
journal = {Molecular biology and evolution},
number = {4},
pages = {1107--1118},
title = {{Bayes empirical bayes inference of amino acid sites under positive selection}},
volume = {22},
year = {2005}
}
@article{Rodrigue2008,
author = {Rodrigue, Nicolas and Lartillot, Nicolas},
doi = {10.1534/genetics.108.092254},
file = {:home/thibault/Desktop/Biblio $\backslash$: Codon Models /1579.full.pdf:pdf},
journal = {Genetics},
number = {November},
pages = {1579--1591},
title = {{Bayesian comparisons of codon substitution models}},
volume = {1591},
year = {2008}
}
@article{Bazykin2015,
author = {Bazykin, Georgii A},
file = {:home/thibault/Desktop/Biblio $\backslash$: Codon Models /20150315.full.pdf:pdf},
journal = {Biology letters},
title = {{Changing preferences: deformation of single position amino acid fitness landscapes and evolution of proteins}},
year = {2015}
}
@book{GinaM.Cannarozzi2012,
author = {Cannarozzi, Gina M. and Schneider, Adrian},
file = {:home/thibault/Desktop/Biblio $\backslash$: Codon Models /G. M. Cannarozzi, A. Schneider (eds.)-Codon Evolution{\_} Mechanisms and Models-Oxford University Press (2012).pdf:pdf},
title = {{Codon evolution mechanisms and models}},
year = {2012}
}
@article{Yang2001,
author = {Yang, Ziheng},
file = {:home/thibault/Desktop/Biblio $\backslash$: Codon Models /Mol Biol Evol-2002-Yang-908-17.pdf:pdf},
journal = {Molecular biology and evolution},
number = {6},
pages = {908--917},
title = {{Codon-substitution models for detecting molecular adaptation at individual sites along specific lineages}},
volume = {19},
year = {2002}
}
@article{Yang2000,
author = {Yang, Ziheng and Nielsen, Rasmus and Goldman, Nick and Pedersen, Anne-mette Krabbe},
file = {:home/thibault/Desktop/Biblio $\backslash$: Codon Models /431.full.pdf:pdf},
journal = {Genetics},
number = {May},
pages = {431--449},
title = {{Codon-substitution models for heterogeneous selection pressure at amino acid sites}},
volume = {155},
year = {2000}
}
@article{Yang1997,
author = {Yang, Ziheng},
file = {:home/thibault/Desktop/Biblio $\backslash$: Codon Models /Mol Biol Evol-2002-Yang-49-57.pdf:pdf},
journal = {Molecular biology and evolution},
number = {1},
pages = {49--57},
title = {{Codon-substitution models to detect adaptive evolution that account for heterogeneous selective pressures among site classes}},
volume = {19},
year = {2002}
}
@article{Rodrigue2007,
author = {Rodrigue, Nicolas and Kleinman, Claudia L and Lartillot, Nicolas},
doi = {10.1093/molbev/msp078},
file = {:home/thibault/Desktop/Biblio $\backslash$: Codon Models /Mol Biol Evol-2009-Rodrigue-1663-76.pdf:pdf},
journal = {Molecular biology and evolution},
keywords = {auxiliary variables,bayes factors,data augmentation,markov chain monte carlo,posterior predictive checking,protein},
number = {7},
pages = {1663--1676},
title = {{Computational methods for evaluating phylogenetic models of coding sequence evolution with dependence between codons}},
volume = {26},
year = {2009}
}
@article{Biochimie2006,
author = {Biochimie, Departement De and Montreal, Universite De},
doi = {10.1080/10635150500433722},
file = {:home/thibault/Desktop/Biblio $\backslash$: Codon Models /10.1.1.646.7651.pdf:pdf},
journal = {Systematic Biology},
number = {2},
pages = {195--207},
title = {{Computing bayes factors using thermodynamic integration}},
volume = {55},
year = {2006}
}
@article{Shah2015,
author = {Shah, Premal and Mccandlish, David M and Plotkin, Joshua B},
doi = {10.1073/pnas.1412933112},
file = {:home/thibault/Desktop/Biblio $\backslash$: Codon Models /shah2015.pdf:pdf},
journal = {Proceedings of the National Academy of Sciences},
number = {5},
pages = {3226--3235},
title = {{Contingency and entrenchment in protein evolution under purifying selection}},
volume = {112},
year = {2015}
}
@article{Rodrigue2016,
author = {Rodrigue, Nicolas and Lartillot, Nicolas},
doi = {10.1093/molbev/msw220},
file = {:home/thibault/Desktop/Biblio $\backslash$: Codon Models /Mol Biol Evol-2016-Rodrigue-molbev-msw220.pdf:pdf},
journal = {Molecular biology and evolution},
keywords = {dirichlet process,epistasis,fitness landscape,markov chain,nearly-neutral evolution},
title = {{Detecting adaptation in protein-coding genes using a Bayesian site- heterogeneous mutation-selection codon substitution model}},
year = {2016}
}
@article{Parto2016,
author = {Parto, Sahar and Lartillot, Nicolas},
doi = {10.1101/072405},
file = {:home/thibault/Desktop/Biblio $\backslash$: Codon Models /072405.full.pdf:pdf},
journal = {bioRxiv},
title = {{Detecting consistent patterns of directional adaptation using differential selection codon models}},
year = {2016}
}
@article{Gong2014,
author = {Gong, Lizhi Ian and Bloom, Jesse D},
doi = {10.1371/journal.pgen.1004328},
file = {:home/thibault/Desktop/Biblio $\backslash$: Codon Models /journal.pgen.1004328.PDF:PDF},
journal = {PLoS Genetics},
number = {5},
title = {{Epistatically Interacting Substitutions Are Enriched during Adaptive Protein Evolution}},
volume = {10},
year = {2014}
}
@article{Maio2012,
author = {Maio, Nicola De and Holmes, Ian and Schlo, Christian and Kosiol, Carolin},
doi = {10.1093/molbev/mss266},
file = {:home/thibault/Desktop/Biblio $\backslash$: Codon Models /Mol Biol Evol-2013-De Maio-725-36.pdf:pdf},
journal = {Molecular biology and evolution},
keywords = {drosophila substitution,empirical codon model,hidden markov models,positive selection,rate heterogeneity},
number = {3},
pages = {725--736},
title = {{Estimating empirical codon hidden markov models}},
volume = {30},
year = {2012}
}
@article{Tamuri2012,
author = {Tamuri, Asif U and Goldstein, Richard A},
doi = {10.1534/genetics.111.136432},
file = {:home/thibault/Desktop/Biblio $\backslash$: Codon Models /1101.full.pdf:pdf},
journal = {Genetics},
number = {March},
pages = {1101--1115},
title = {{Estimating the distribution of selection coefficients from phylogenetic data using sitewise mutation-selection models}},
volume = {190},
year = {2012}
}
@article{Holder2008,
author = {Holder, Mark T and Zwickl, Derrick J and Dessimoz, Christophe},
doi = {10.1098/rstb.2008.0162},
file = {:home/thibault/Desktop/Biblio $\backslash$: Codon Models /4013.full.pdf:pdf},
journal = {Philosophical transactions of the Royal Society of London. Series B, Biological sciences},
number = {October},
pages = {4013--4021},
title = {{Evaluating the robustness of phylogenetic methods to among-site variability in substitution processes}},
year = {2008}
}
@article{Zhang2004,
author = {Zhang, Jianzhi and Nielsen, Rasmus},
doi = {10.1093/molbev/msi237},
file = {:home/thibault/Desktop/Biblio $\backslash$: Codon Models /Mol Biol Evol-2005-Zhang-2472-9.pdf:pdf},
journal = {Molecular biology and evolution},
number = {12},
pages = {2472--2479},
title = {{Evaluation of an improved branch-site likelihood method for detecting positive selection at the molecular level}},
volume = {22},
year = {2005}
}
@article{Halpern1998,
author = {Halpern, Aaron L and Bruno, William J},
file = {:home/thibault/Desktop/Biblio $\backslash$: Codon Models /Mol Biol Evol-1998-Halpern-910-7.pdf:pdf},
journal = {Molecular biology and evolution},
number = {7},
pages = {910--917},
title = {{Evolutionary distances for protein-coding sequences: modeling site-specific residue frequencies}},
volume = {15},
year = {1998}
}
@article{Mustonen2009,
author = {Mustonen, Ville and La, Michael},
doi = {10.1016/j.tig.2009.01.002},
file = {:home/thibault/Desktop/Biblio $\backslash$: Codon Models /mustonen2009.pdf:pdf},
journal = {Trends in genetics},
number = {3},
pages = {111--119},
title = {{From fitness landscapes to seascapes: non-equilibrium dynamics of selection and adaptation}},
volume = {25},
year = {2009}
}
@article{Street2015,
author = {dos Reis, Mario},
doi = {10.1098/rsbl.2014.1031},
file = {:home/thibault/Desktop/Biblio $\backslash$: Codon Models /20141031.full.pdf:pdf},
journal = {Biology letters},
title = {{How to calculate the non-synonymous to synonymous rate ratio of protein-coding genes under the Fisher-Wright mutation-selection framework}},
year = {2015}
}
@article{Bloom2016,
author = {Bloom, Jesse D},
doi = {10.1101/037689},
file = {:home/thibault/Desktop/Biblio $\backslash$: Codon Models /037689.full.pdf:pdf},
journal = {bioRxiv},
number = {1965},
title = {{Identification of positive selection in genes is greatly improved by using experimentally informed site-specific models}},
url = {http://dx.doi.org/10.1101/037689},
year = {2016}
}
@techreport{Lartillot2013a,
author = {Lartillot, Nicolas},
file = {:home/thibault/Desktop/Biblio $\backslash$: Codon Models /LartillotHDR.pdf:pdf},
title = {{Inf{\'{e}}rence probabiliste pour la phylog{\'{e}}nie, la g{\'{e}}nomique comparative et les sciences de la macro-{\'{e}}volution}},
year = {2013}
}
@article{Anisimova2009,
author = {Anisimova, Maria and Kosiol, Carolin},
doi = {10.1093/molbev/msn232},
file = {:home/thibault/Desktop/Biblio $\backslash$: Codon Models /Mol Biol Evol-2009-Anisimova-255-71.pdf:pdf},
journal = {Molecular biology and evolution},
number = {2},
pages = {255--271},
title = {{Investigating Protein-Coding Sequence Evolution with Probabilistic Codon Substitution Models}},
volume = {26},
year = {2009}
}
@article{Guindon2004,
author = {Guindon, Stephane and Rodrigo, Allen G. and Dyert, Kelly A. and Huelsenbeck, John P.},
doi = {10.1073/pnas.0402177101},
file = {:home/thibault/Desktop/Biblio $\backslash$: Codon Models /10.2307@3373185.pdf:pdf},
isbn = {1295712962},
journal = {Proceedings of the National Academy of Sciences of the United States of America},
number = {35},
pages = {12957--12962},
title = {{Modeling the site-specific variation of selection patterns along lineages}},
volume = {101},
year = {2004}
}
@article{Rodrigue2010,
author = {Rodrigue, Nicolas and Philippe, Herv{\'{e}} and Lartillot, Nicolas},
doi = {10.1073/pnas.0910915107},
file = {:home/thibault/Desktop/Biblio $\backslash$: Codon Models /PNAS-2010-Rodrigue-4629-34.pdf:pdf},
journal = {Proceedings of the National Academy of Sciences},
number = {10},
pages = {4629--4634},
title = {{Mutation-selection models of coding sequence evolution with site-heterogeneous amino acid fitness profiles}},
volume = {107},
year = {2010}
}
@article{Yang2008,
author = {Yang, Ziheng and Nielsen, Rasmus},
doi = {10.1093/molbev/msm284},
file = {:home/thibault/Desktop/Biblio $\backslash$: Codon Models /Mol Biol Evol-2008-Yang-568-79.pdf:pdf},
journal = {Molecular biology and evolution},
number = {3},
pages = {568--579},
title = {{Mutation-selection models of codon substitution and their use to estimate selective strengths on codon usage}},
volume = {25},
year = {2008}
}
@article{Arco2014,
author = {Arco, Rocio and Risso, Valeria A and Manssour-triedo, Fadia and Barroso-deljesus, Alicia and Ingles-prieto, Alvaro and Godoy-ruiz, Raquel and Gavira, Jose A and Gaucher, Eric A and Ibarra-molero, Beatriz and Sanchez-ruiz, Jose M},
doi = {10.1093/molbev/msu312},
file = {:home/thibault/Desktop/Biblio $\backslash$: Codon Models /Mol Biol Evol-2015-Risso-440-55.pdf:pdf},
journal = {Molecular biology and evolution},
number = {2},
pages = {440--455},
title = {{Mutational studies on resurrected ancestral proteins reveal conservation of site-specific amino acid preferences throughout evolutionary history}},
volume = {32},
year = {2014}
}
@article{Rodrigue2012,
author = {Rodrigue, Nicolas},
doi = {10.1534/genetics.112.145722},
file = {:home/thibault/Desktop/Biblio $\backslash$: Codon Models /genetics.112.145722.full.pdf:pdf},
journal = {Genetics},
keywords = {infinitely-many-parameters trap,maximum likelihood,over-fitting,random variable},
pages = {1--23},
title = {{On the statistical interpretation of site-specific variables in phylogeny-based substitution models}},
year = {2012}
}
@article{Lunzer2010,
author = {Lunzer, Mark and Golding, G Brian and Dean, Antony M},
doi = {10.1371/journal.pgen.1001162},
file = {:home/thibault/Desktop/Biblio $\backslash$: Codon Models /journal.pgen.1001162.PDF:PDF},
journal = {PLoS Genetics},
number = {10},
title = {{Pervasive cryptic epistasis in molecular evolution}},
volume = {6},
year = {2010}
}
@article{Lartillot2013,
author = {Lartillot, N. and Rodrigue, N. and Stubbs, D. and Richer, J.},
file = {:home/thibault/Desktop/Biblio $\backslash$: Codon Models /Syst Biol-2013-Lartillot-sysbio-syt022.pdf:pdf},
journal = {Systematic Biology},
title = {{PhyloBayes MPI. Phylogenetic reconstruction with infinite mixtures of profiles in a parallel environment}},
year = {2013}
}
@article{Le2008,
author = {Le, Si Quang and Lartillot, Nicolas and Gascuel, Olivier},
doi = {10.1098/rstb.2008.0180},
file = {:home/thibault/Desktop/Biblio $\backslash$: Codon Models /3965.full.pdf:pdf},
journal = {Philosophical transactions of the Royal Society of London. Series B, Biological sciences},
number = {October},
pages = {3965--3976},
title = {{Phylogenetic mixture models for proteins}},
year = {2008}
}
@article{Robinson2003,
author = {Robinson, Douglas M and Jones, David T and Kishino, Hirohisa and Thorne, Jeffrey L},
doi = {10.1093/molbev/msg184},
file = {:home/thibault/Desktop/Biblio $\backslash$: Codon Models /Mol Biol Evol-2003-Robinson-1692-704.pdf:pdf},
journal = {Molecular biology and evolution},
keywords = {evolution,markov chain monte carlo,protein structure},
number = {10},
pages = {1692--1704},
title = {{Protein evolution with dependence among codons due to tertiary structure}},
volume = {20},
year = {2003}
}
@article{Rodrigue2013,
author = {Rodrigue, Nicolas and Lartillot, Nicolas},
file = {:home/thibault/Desktop/Biblio $\backslash$: Codon Models /Bioinformatics-2013-Rodrigue-bioinformatics-btt729.pdf:pdf},
journal = {Bioinformatics},
keywords = {and nicolas lartillot 2,informatics,nicolas rodrigue 1,phylobayes-mpi package,site-heterogeneous mutation-selection models withi,the},
pages = {1--2},
title = {{Site-heterogeneous mutation-selection models within the PhyloBayes-MPI package}},
year = {2013}
}
@article{Yang1998,
author = {Yang, Ziheng},
file = {:home/thibault/Desktop/Biblio $\backslash$: Codon Models /yang1998.pdf:pdf},
journal = {Journal of molecular evolution},
pages = {409--418},
title = {{Synonymous and nonsynonymous rate variation in nuclear genes of mammals}},
volume = {46},
year = {1998}
}
@article{Eyre-walker2007,
author = {Eyre-walker, Adam and Keightley, Peter D},
doi = {10.1038/nrg2146},
file = {:home/thibault/Desktop/Biblio $\backslash$: Codon Models /10.1038@nrg2146.pdf:pdf},
journal = {Nature},
number = {August},
title = {{The distribution of fitness effects of new mutations}},
volume = {8},
year = {2007}
}
@article{Ohta1992,
author = {Ohta, Tomoko},
file = {:home/thibault/Desktop/Biblio $\backslash$: Codon Models /10.2307@2097289.pdf:pdf},
journal = {Annual Review of Ecology and Systematics},
keywords = {molecular},
number = {1992},
pages = {263--286},
title = {{The nearly neutral theory of molecular evolution}},
volume = {23},
year = {1992}
}
@article{Spielman2015a,
author = {Spielman, Stephanie J and Wilke, Claus O},
doi = {10.1093/molbev/msv003},
file = {:home/thibault/Desktop/Biblio $\backslash$: Codon Models /Mol Biol Evol-2015-Spielman-molbev-msv003.pdf:pdf},
journal = {Molecular biology and evolution},
number = {4},
pages = {1097--1108},
title = {{The relationship between dN/dS and scaled selection coefficients}},
volume = {32},
year = {2015}
}
@article{Mccandlish2013,
author = {Mccandlish, David M and Rajon, Etienne and Shah, Premal and Ding, Yang and Plotkin, Joshua B},
doi = {10.1038/nature12219},
file = {:home/thibault/Desktop/Biblio $\backslash$: Codon Models /mccandlish2013.pdf:pdf},
issn = {0028-0836},
journal = {Nature},
number = {7451},
pages = {E1--E2},
publisher = {Nature Publishing Group},
title = {{The role of epistasis in protein evolution}},
url = {http://dx.doi.org/10.1038/nature12219},
volume = {497},
year = {2013}
}
@article{Arenas2015,
author = {Arenas, Miguel},
doi = {10.3389/fgene.2015.00319},
file = {:home/thibault/Desktop/Biblio $\backslash$: Codon Models /fgene-06-00319.pdf:pdf},
journal = {Frontiers in Genetics},
keywords = {model selection,molecular adaptation,molecular evolution,phylogenetics,phylogenomics,substitution model},
number = {October},
title = {{Trends in substitution models of molecular evolution}},
volume = {6},
year = {2015}
}
