/home/thibault/Documents/codon_models.bib