/home/thibault/Documents/codon_models_bibtex.bib